<?xml version="1.0" encoding="UTF-8"?><collection xmlns="http://www.loc.gov/MARC21/slim"><record><leader>00430nam--2200145-i-4500</leader><controlfield tag="001">000032662</controlfield><controlfield tag="002">20161230</controlfield><controlfield tag="005">20161230201039</controlfield><controlfield tag="008">060222s1000------------r-----000-0-eng-d</controlfield><datafield ind1=" " ind2=" " tag="080"><subfield code="a">517.9</subfield></datafield><datafield ind1=" " ind2=" " tag="100"><subfield code="a">Megan, Mihail</subfield></datafield><datafield ind1=" " ind2=" " tag="245"><subfield code="a">Proprietes qualitatives des systemes lineaires controles dans les espaces de dimension infinite</subfield></datafield><datafield ind1=" " ind2=" " tag="260"><subfield code="a">Timisoara, Universitate, 1988. 128p</subfield></datafield><datafield ind1=" " ind2=" " tag="490"><subfield code="a">Monographies Mathematiques</subfield></datafield><datafield ind1=" " ind2=" " tag="852"><subfield code="a">74616</subfield></datafield></record></collection>